

@MISC{Deinterlacing,
author = { },
title = {Deinterlacing},
month = may,
year = {2012},
howpublished = {\url{http://en.wikipedia.org/wiki/Deinterlacing/}},
note = {Geraadpleegd mei 2012}
}

@MISC{Decomb,
author = { },
title = {Decombing},
month = may,
year = {2011},
howpublished = {\url{https://trac.handbrake.fr/wiki/Decomb}},
note = {Geraadpleegd mei 2012}
}

@MISC{Scaling,
author = { },
title = {Scaling},
month = may,
year = {2012},
howpublished = {\url{http://en.wikipedia.org/wiki/Image_scaling}},
note = {Geraadpleegd mei 2012}
}

@MISC{Telecine,
author = { },
title = {Detelecine},
month = jan,
year = {2012},
howpublished = {\url{http://nl.wikipedia.org/wiki/Telecine}},
note = {Geraadpleegd mei 2012}
}

@MISC{Cropping,
author = { },
title = {Cropping},
month = apr,
year = {2012},
howpublished = {\url{http://en.wikipedia.org/wiki/Cropping}},
note = {Geraadpleegd mei 2012}
}

@MISC{Libdvdcss,
author = { },
title = {Libdvdcss},
month = may,
year = {2012},
howpublished = {\url{http://en.wikipedia.org/wiki/Libdvdcss}},
note = {Geraadpleegd mei 2012}
}

@MISC{DRM,
author = { },
title = {Digital rights management},
month = may,
year = {2012},
howpublished = {\url{http://en.wikipedia.org/wiki/Digital_rights_management}},
note = {Geraadpleegd mei 2012}
}

@MISC{VLC,
author = { },
title = {VLC media player},
month = may,
year = {2012},
howpublished = {\url{http://en.wikipedia.org/wiki/VLC_media_player}},
note = {Geraadpleegd mei 2012}
}


@MISC{Download,
author = { },
title = {HandBrake download pagina},
howpublished = {\url{http://handbrake.fr/downloads.php}},
note = {Geraadpleegd mei 2012}
}

